@article{smith2024,
  author    = {John Smith and Jane Doe},
  title     = {An Analysis of Something Important},
  journal   = {Journal of Important Studies},
  year      = {2024},
  volume    = {12},
  number    = {3},
  pages     = {45-67},
  month     = {March},
  doi       = {10.1234/jis.2024.56789}
}

@book{miller2022,
  author    = {Emily Miller},
  title     = {A Comprehensive Guide to Research},
  publisher = {Research Press},
  year      = {2022},
  address   = {New York},
  edition   = {2nd},
  isbn      = {978-3-16-148410-0}
}

@inproceedings{johnson2023,
  author    = {Robert Johnson and Sarah Lee},
  title     = {Advances in Computational Methods},
  booktitle = {Proceedings of the 2023 International Conference on Computing},
  year      = {2023},
  editor    = {Alice Brown and Charlie Green},
  pages     = {120-130},
  address   = {San Francisco, CA},
  month     = {July},
  organization = {IEEE},
  doi       = {10.1109/IC.2023.12345}
}
